@ARTICLE{2018arXiv181103378N,
   author = {{Nwankpa}, C. and {Ijomah}, W. and {Gachagan}, A. and {Marshall}, S.
	},
    title = "{Activation Functions: Comparison of trends in Practice and Research for Deep Learning}",
  journal = {arXiv e-prints},
archivePrefix = "arXiv",
   eprint = {1811.03378},
 keywords = {Computer Science - Machine Learning, Computer Science - Computer Vision and Pattern Recognition},
     year = 2018,
    month = nov,
   adsurl = {https://ui.adsabs.harvard.edu/abs/2018arXiv181103378N},
  adsnote = {Provided by the SAO/NASA Astrophysics Data System}
}