@inproceedings{JordanMA,
author = {Jordan, M.A. and Nichols, R.A.},
year = {1996},
month = {11},
pages = {17 - 21 vol.1},
title = {The effects of channel characteristics on turbo code performance},
isbn = {0-7803-3682-8},
doi = {10.1109/MILCOM.1996.568576}
}