@article{Ibnkahla,
author = {Ibnkahla, Mohamed},
year = {2000},
month = {07},
pages = {1185-1215},
title = {Applications of neural networks to digital communications-survey},
volume = {80},
journal = {Signal Processing},
doi = {10.1016/S0165-1684(00)00030-X}
}