@article{doi:10.1162/neco.2006.18.7.1527,
author = {Hinton, Geoffrey E. and Osindero, Simon and Teh, Yee-Whye},
title = {A Fast Learning Algorithm for Deep Belief Nets},
journal = {Neural Computation},
volume = {18},
number = {7},
pages = {1527-1554},
year = {2006},
doi = {10.1162/neco.2006.18.7.1527},
    note ={PMID: 16764513},

URL = { 
        https://doi.org/10.1162/neco.2006.18.7.1527
    
},
eprint = { 
        https://doi.org/10.1162/neco.2006.18.7.1527
    
}
}


