@article{journals/ett/RobertsonHV97,
  added-at = {2013-04-26T00:00:00.000+0200},
  author = {Robertson, Patrick and Hoeher, Peter A. and Villebrun, Emmanuelle},
  biburl = {https://www.bibsonomy.org/bibtex/23049c9e31bf3ac7736732ccbb455942e/dblp},
  ee = {http://dx.doi.org/10.1002/ett.4460080202},
  interhash = {fe5f484c05d2d6cc4405fb8bf1ce926a},
  intrahash = {3049c9e31bf3ac7736732ccbb455942e},
  journal = {European Transactions on Telecommunications},
  keywords = {dblp},
  number = 2,
  pages = {119-125},
  timestamp = {2013-08-13T14:33:53.000+0200},
  title = {Optimal and sub-optimal maximum a posteriori algorithms suitable for turbo decoding.},
  url = {http://dblp.uni-trier.de/db/journals/ett/ett8.html#RobertsonHV97},
  volume = 8,
  year = 1997
}

