@article{Shannon:2001:MTC:584091.584093,
 author = {Shannon, C. E.},
 title = {A Mathematical Theory of Communication},
 journal = {SIGMOBILE Mob. Comput. Commun. Rev.},
 issue_date = {January 2001},
 volume = {5},
 number = {1},
 month = jan,
 year = {2001},
 issn = {1559-1662},
 pages = {3--55},
 numpages = {53},
 url = {http://doi.acm.org/10.1145/584091.584093},
 doi = {10.1145/584091.584093},
 acmid = {584093},
 publisher = {ACM},
 address = {New York, NY, USA},
}