@article{Viterbi,
  added-at = {2008-03-17T11:27:54.000+0100},
  author = {Viterbi, Andrew J.},
  biburl = {https://www.bibsonomy.org/bibtex/2e462e1df554b33aaae93104aa38beef3/nlp},
  interhash = {ac50276740b094637b86795aaed2d252},
  intrahash = {e462e1df554b33aaae93104aa38beef3},
  journal = {IEEE Transactions on Information Theory},
  keywords = {2000 book nlp},
  month = {April},
  number = 2,
  pages = {260--269},
  timestamp = {2008-03-17T11:32:53.000+0100},
  title = {Error Bounds for Convolutional Codes and an Asymptotically Optimum
  Decoding Algorithm},
  volume = {IT-13},
  year = 1967
}
