@ARTICLE{Worm00turbo-decodingwithout,
    author = {Er Worm and Student Member and Peter Hoeher and Senior Member and Norbert Wehn},
    title = {Turbo-decoding without SNR estimation},
    journal = {IEEE Communications Letters},
    year = {2000},
    pages = {193--195}
}