@book{rosenblatt1962principles,
  title={Principles of neurodynamics: perceptrons and the theory of brain mechanisms},
  author={Rosenblatt, F.},
  lccn={62012882},
  series={Report (Cornell Aeronautical Laboratory)},
  url={https://books.google.ca/books?id=7FhRAAAAMAAJ},
  year={1962},
  publisher={Spartan Books}
}
