@INPROCEEDINGS{Arystides1994,
  author = {Brayner Arystides and Carlos Santos de Medeiros},
  title = {Incorporação de Tempo em {SGBD} Orientado a Objeto},
  booktitle = {Anais...},
  year = {1995},
  pages = {90--98},
  address = {Petrolina},
  organization = {Simpósio Brasileiro de Banco de Dados},
  publisher = {EMBRAPA},
  conference-number = {13},
  conference-year = {1996},
  conference-location = {Petrolina},
  owner = {ffs},
}

@INPROCEEDINGS{Assenmacher1993,
  author = {Hans Assenmacher and Tedy Breitbach and Paul Buhler and Visk H{\"u}bsch and Robert Schwarz},
  title = {{P}anda},
  booktitle = {Proceedings...},
  year = {1993},
  pages = {361-383},
  address = {Berlin},
  organization = {European Conference on Object-Oriented Programming},
  publisher = {Springer},
  note = {(Lecture Notes in Computer Science, v. 707)},
  conference-number = {7},
  conference-year = {1993},
  conference-location = {Kaiserslautern},
  subtitle = {supporting Distributed Programming in {L}++},
}

@MANUAL{Callaghan1995,
  title = {{NFS} version 3 protocol specification},
  author = {B. Callaghan and B. Pawlowski and P. Staubach},
  organization = {Internet Engineering Task Force, Network Working Group},
  address = {London},
  year = {1995},
  pages = {68},
  pagename = {p.},
  subtitle = {{RFC} 1831},
}

@ARTICLE{Caromel1998,
  author = {D. Caromel and W. Klauser and J. Vayssiere},
  title = {Towards Seamless Computing and Metacomputing in {J}ava},
  journal = {Concurrency in Practice and Experience},
  year = {1998},
  volume = {10},
  number = {11--13},
  pages = {1043--1061},
  month = sep # {/} # nov,
  xpublisher = {Wiley \& Sons},
  xaddress = {West Sussex},
  editor = {Geoffrey C. Fox},
  url = {http://www-sop.inria.fr/\~{}sloop/javall/index.html},
  urlaccessdate = {20 fev. 2000},
}

@INPROCEEDINGS{Joea2003,
  author = {John Gi Joea and Joe Gi John},
  title = {Importance of Coffee in Computer Sciences},
  year = {2003},
  pages = {99--100},
  crossref = {COFFEE2000},
}

@PROCEEDINGS{COFFEE2000,
  title = {Proceedings...},
  year = {2000},
  address = {Java Island},
  publisher = {Java Island Press},
  month = jan,
  organization = {Conference on Coffee Importance},
  conference-number = {1},
  conference-year = {2000},
  conference-location = {Java Island},
  key = {COFFEE},
  booktitle = {Proceedings...},
}

@TECHREPORT{Furmento1995,
  author = {Nathalie Furmento and Yves Roudier and G{\"u}nther Siegel},
  title = {Parall{\'e}lisme et distribution en {C}++},
  year = {1995},
  subtitle = {une Revue des Langages Existants},
  number = {RR~95-02},
  address = {Valbonne},
  note = {(RR~95-02)},
  institution = {I3S, Universit\'{e} de Nice Sophia-Antipolis},
  url = {http://www-sop.inria.br/science/skd.gz},
  urlaccessdate = {29 fev. 2003},
}

@MISC{ITALUS2004,
  title = {ITALUS},
  year = {2004},
  url = {http://www.comp.ita.br/italus/},
  urlaccessdate = {22 jul. 2004},
  subtitle = {grupo de usu{\'a}rios {\LaTeX} do {ITA}},
}

@THESIS{Morgado2003,
  author = {Morgado, M. L. C.},
  title = {Reimplante dentário},
  school = {Faculdade de Odontologia, Universidade Federal do Nananana},
  year = {2003},
  type = {Trabalho de Conclusão de Curso (Especialização do curso)},
  address = {São Paulo},
  owner = {ffs},
}

@THESIS{Patagonios2001,
  author = {Jackson Patagonios},
  title = {Um exemplo de TG},
  school = {Instituto Te{\'o}rico Aeroglifo},
	pages = {98},  
  type = {Trabalho de Conclus{\~a}o de Curso (Gradua{\c{c}}{\~a}o em Engenharia de Computa{\c{c}}{\~a}o)},
	address = {Santa Pindamonhangaba},
	year = {2001},
}

@MASTERSTHESIS{Nascimento1970,
  author = {Edson Arantes do Nascimento},
  title = {An{\'a}lise de curvas curvil{\'\i}neas da trajet{\'o}ria da bola},
  school = {Cosmos University},
  type = {Mestrado em Ci{\^e}ncia do Futebol},
  address = {Cidade do Cabo},
  pages = {36},
  pagename = {f.},
  year = {1971},
  year-presented = {1970},
}

@MASTERSTHESIS{Sbornian2002,
  author = {Wilson Sbornian},
  title = {Um exemplo de disserta{\c{c}}{\~a}o de mestrado},
  school = {Instituto de Alguma Coisa, Universidade Sei L{\'a} de Onde},
  type = {Mestrado em Ci{\^e}ncia da Computa{\c{c}}{\~a}o},
  address = {Santa Pindamonhangaba},
  pages = {98},
  url = {http://www.santapinda.edu/\~{}sbor/dissert.pdf},
  pagename = {f.},
  urlaccessdate = {25 fev. 2002},
  year = {2002},
  year-presented = {2002}
}

@PHDTHESIS{Sbornian2004,
  author = {Sbornian, Wilson},
  title = {Um exemplo de tese de doutorado},
  school = {Instituto de Alguma Coisa, Universidade Sei L{\'a} de Onde},
  year = {2004},
  type = {Doutorado em Aeron{\'a}utica},
  address = {Santo Ant{\^o}nio da Patrulha},
  note = {1 CD--ROM},
  pages = {169},
  pagename = {f.},
  year-presented = {2004},
}

@BOOK{Silberschatz1991,
  title = {Operating system concepts},
  publisher = {Springer},
  year = {1991},
  author = {Abraham Silberschatz and James Lyle Peterson and Peter B. Galvin},
  address = {New York},
  edition = {3rd},
  xisbn = {2049-67-555},
  
}

