@inproceedings{DBLP:conf/acssc/BenammarP18,
  author    = {Meryem Benammar and
               Pablo Piantanida},
  title     = {Optimal Training Channel Statistics for Neural-based Decoders},
  booktitle = {52nd Asilomar Conference on Signals, Systems, and Computers, {ACSSC}
               2018, Pacific Grove, CA, USA, October 28-31, 2018},
  pages     = {2157--2161},
  year      = {2018},
  crossref  = {DBLP:conf/acssc/2018},
  url       = {https://doi.org/10.1109/ACSSC.2018.8645128},
  doi       = {10.1109/ACSSC.2018.8645128},
  timestamp = {Thu, 28 Feb 2019 17:25:09 +0100},
  biburl    = {https://dblp.org/rec/bib/conf/acssc/BenammarP18},
  bibsource = {dblp computer science bibliography, https://dblp.org}
}

@proceedings{DBLP:conf/acssc/2018,
  editor    = {Michael B. Matthews},
  title     = {52nd Asilomar Conference on Signals, Systems, and Computers, {ACSSC}
               2018, Pacific Grove, CA, USA, October 28-31, 2018},
  publisher = {{IEEE}},
  year      = {2018},
  url       = {http://ieeexplore.ieee.org/xpl/mostRecentIssue.jsp?punumber=8638648},
  isbn      = {978-1-5386-9218-9},
  timestamp = {Thu, 28 Feb 2019 17:25:09 +0100},
  biburl    = {https://dblp.org/rec/bib/conf/acssc/2018},
  bibsource = {dblp computer science bibliography, https://dblp.org}
}

