@article{DBLP:journals/corr/CalabreseWGPS16,
  author    = {Francesco Davide Calabrese and
               Li Wang and
               Euhanna Ghadimi and
               Gunnar Peters and
               Pablo Soldati},
  title     = {Learning Radio Resource Management in 5G Networks: Framework, Opportunities
               and Challenges},
  journal   = {CoRR},
  volume    = {abs/1611.10253},
  year      = {2016},
  url       = {http://arxiv.org/abs/1611.10253},
  archivePrefix = {arXiv},
  eprint    = {1611.10253},
  timestamp = {Wed, 26 Sep 2018 16:05:44 +0200},
  biburl    = {https://dblp.org/rec/bib/journals/corr/CalabreseWGPS16},
  bibsource = {dblp computer science bibliography, https://dblp.org}
}

