@ARTICLE{2017arXiv171008379G,
   author = {{Goldin}, D. and {Burshtein}, D.},
    title = "{Performance Bounds of Concatenated Polar Coding Schemes}",
  journal = {arXiv e-prints},
archivePrefix = "arXiv",
   eprint = {1710.08379},
 primaryClass = "cs.IT",
 keywords = {Computer Science - Information Theory},
     year = 2017,
    month = oct,
   adsurl = {https://ui.adsabs.harvard.edu/abs/2017arXiv171008379G},
  adsnote = {Provided by the SAO/NASA Astrophysics Data System}
}