@inproceedings{HagenauerJ,
author = {Hagenauer J. and Robertson P. and Papke L.},
year = {1994},
month = {10},
pages = {21 - 29},
title = {iterative Turbo decoding of systematic convolutional codes with the MAP and SOVA algorithms}
}