@ARTICLE{2016arXiv160806409O,
   author = {{O'Shea}, T.~J and {Karra}, K. and {Clancy}, T.~C.},
    title = "{Learning to Communicate: Channel Auto-encoders, Domain Specific Regularizers, and Attention}",
  journal = {arXiv e-prints},
archivePrefix = "arXiv",
   eprint = {1608.06409},
 keywords = {Computer Science - Machine Learning, Computer Science - Information Theory, Computer Science - Networking and Internet Architecture},
     year = 2016,
    month = aug,
   adsurl = {https://ui.adsabs.harvard.edu/abs/2016arXiv160806409O},
  adsnote = {Provided by the SAO/NASA Astrophysics Data System}
}
