@article{DBLP:journals/corr/OSheaH17,
  author    = {Timothy J. O'Shea and
               Jakob Hoydis},
  title     = {An Introduction to Machine Learning Communications Systems},
  journal   = {CoRR},
  volume    = {abs/1702.00832},
  year      = {2017},
  url       = {http://arxiv.org/abs/1702.00832},
  archivePrefix = {arXiv},
  eprint    = {1702.00832},
  timestamp = {Mon, 13 Aug 2018 16:46:45 +0200},
  biburl    = {https://dblp.org/rec/bib/journals/corr/OSheaH17},
  bibsource = {dblp computer science bibliography, https://dblp.org}
}

